<?xml version="1.0" encoding="UTF-8"?><collection xmlns="http://www.loc.gov/MARC21/slim"><record><leader>00303nam--2200121-i-4500</leader><controlfield tag="001">000048842</controlfield><controlfield tag="002">20161230</controlfield><controlfield tag="005">20161230201047</controlfield><controlfield tag="008">060222s1000------------r-----000-0-eng-d</controlfield><datafield ind1=" " ind2=" " tag="245"><subfield code="a">Radio designer`s hanbook</subfield></datafield><datafield ind1=" " ind2=" " tag="260"><subfield code="a">London, Iliffe, /1955/, Xliv+1498p.Cu Fig</subfield></datafield><datafield ind1=" " ind2=" " tag="700"><subfield code="a">Langford-smith,F</subfield></datafield><datafield ind1=" " ind2=" " tag="852"><subfield code="a">12148</subfield></datafield></record></collection>